<record><leader>00000cas a22000007a 4500</leader><controlfield tag="001">37656489</controlfield><controlfield tag="008">970919d19781980tnuwr ne      0    0eng d</controlfield><datafield ind1=" " ind2=" " tag="010"><subfield code="a">sn 97065440 </subfield></datafield><datafield ind1=" " ind2=" " tag="040"><subfield code="a">TGN</subfield><subfield code="b">eng</subfield><subfield code="c">TGN</subfield><subfield code="d">OCLCQ</subfield><subfield code="d">OCLCF</subfield><subfield code="d">OCLCO</subfield></datafield><datafield ind1="1" ind2=" " tag="029"><subfield code="a">AU@</subfield><subfield code="b">000013497211</subfield></datafield><datafield ind1=" " ind2=" " tag="042"><subfield code="a">msc</subfield></datafield><datafield ind1=" " ind2=" " tag="043"><subfield code="a">n-us-tn</subfield></datafield><datafield ind1="0" ind2="4" tag="245"><subfield code="a">The weekly reporter, Jefferson standard-banner.</subfield></datafield><datafield ind1="1" ind2="3" tag="246"><subfield code="a">Jefferson standard-banner</subfield></datafield><datafield ind1=" " ind2=" " tag="260"><subfield code="a">Jefferson City, Tenn. :</subfield><subfield code="b">Standard Pub. Co., 1978-1980.</subfield></datafield><datafield ind1=" " ind2=" " tag="300"><subfield code="a">v.</subfield></datafield><datafield ind1=" " ind2=" " tag="310"><subfield code="a">Weekly</subfield></datafield><datafield ind1="0" ind2=" " tag="362"><subfield code="a">Vol. 50, no. 8 (Feb. 23, 1978)-v. 52, no. 9 (Feb. 28, 1980).</subfield></datafield><datafield ind1=" " ind2="0" tag="651"><subfield code="a">Jefferson City (Tenn.)</subfield><subfield code="v">Newspapers.</subfield></datafield><datafield ind1=" " ind2="0" tag="651"><subfield code="a">Jefferson County (Tenn.)</subfield><subfield code="v">Newspapers.</subfield></datafield><datafield ind1=" " ind2="7" tag="655"><subfield code="a">Newspapers.</subfield><subfield code="2">fast</subfield><subfield code="0">(OCoLC)fst01423814</subfield></datafield><datafield ind1=" " ind2="7" tag="651"><subfield code="a">Tennessee</subfield><subfield code="z">Jefferson City.</subfield><subfield code="2">fast</subfield><subfield code="0">(OCoLC)fst01221474</subfield></datafield><datafield ind1=" " ind2="7" tag="651"><subfield code="a">Tennessee</subfield><subfield code="z">Jefferson County.</subfield><subfield code="2">fast</subfield><subfield code="0">(OCoLC)fst01219228</subfield></datafield><datafield ind1=" " ind2=" " tag="752"><subfield code="a">United States</subfield><subfield code="b">Tennessee</subfield><subfield code="c">Jefferson</subfield><subfield code="d">Jefferson City.</subfield></datafield><datafield ind1="0" ind2="0" tag="780"><subfield code="t">Jefferson County standard-banner</subfield><subfield code="w">(DLC)sn 97065441</subfield></datafield><datafield ind1="0" ind2="0" tag="785"><subfield code="t">Standard banner</subfield><subfield code="w">(DLC)sn 97065201</subfield></datafield></record>